@article{harris2017unbiased,
  title={An unbiased estimator of gene diversity with improved variance for samples containing related and inbred individuals of any ploidy},
  author={Harris, Alexandre M and DeGiorgio, Michael},
  journal={G3: Genes, Genomes, Genetics},
  volume={7},
  number={2},
  pages={671--691},
  year={2017},
  publisher={Oxford University Press}
}
@article{batzer1991amplification,
  title={Amplification dynamics of human-specific (HS) Alu family members},
  author={Batzer, Mark A and Gudi, Vandana A and Mena, J Carlos and Foltz, David W and Herrera, Rene J and Deininger, Prescott L},
  journal={Nucleic acids research},
  volume={19},
  number={13},
  pages={3619--3623},
  year={1991},
  publisher={Oxford University Press}
}
@article{cherni2011human,
  title={Human Alu insertion polymorphisms in North African populations},
  author={Cherni, Loth and Frigi, Sabeh and Ennafaa, Hajer and Mtiraoui, Nabil and Mahjoub, Touhami and Benammar-Elgaaied, Amel},
  journal={Human Biology},
  volume={83},
  number={5},
  pages={611--626},
  year={2011},
  publisher={BioOne}
}
@article{eckert2009every,
  title={Every microsatellite is different: Intrinsic DNA features dictate mutagenesis of common microsatellites present in the human genome},
  author={Eckert, Kristin A and Hile, Suzanne E},
  journal={Molecular Carcinogenesis: Published in cooperation with the University of Texas MD Anderson Cancer Center},
  volume={48},
  number={4},
  pages={379--388},
  year={2009},
  publisher={Wiley Online Library}
}
@article{gavale2024rare,
  title={A rare case of type II tri-allelic inheritance at vWA, SE33, D8S1179, and D13S317 loci demonstrated by STR analysis in paternity testing},
  author={Gavale, Kishor S and Mahajan, Vaishali B and Pande, Amulya A and Shinde, Apurva M and Thakare, Vijay J and Ghumatkar, Sangita V},
  journal={Forensic Science, Medicine and Pathology},
  pages={1--7},
  year={2024},
  publisher={Springer}
}
@article{cp1992further,
  title={A further tetranucleotide repeat polymorphism in the vWF gene},
  author={CP, KIMPTON},
  journal={Hum Mol Genet},
  volume={1},
  pages={287},
  year={1992}
}
@article{perna1992alu,
  title={Alu insertion polymorphism: a new type of marker for human population studies},
  author={Perna, Nicole T and Batzer, Mark A and Deininger, Prescott L and Stoneking, Mark},
  journal={Human biology},
  pages={641--648},
  year={1992},
  publisher={JSTOR}
}
@article{wiegand2000microsatellite,
  title={Microsatellite structures in the context of human evolution},
  author={Wiegand, Peter and Meyer, Eckhard and Brinkmann, Bernd},
  journal={ELECTROPHORESIS: An International Journal},
  volume={21},
  number={5},
  pages={889--895},
  year={2000},
  publisher={Wiley Online Library}
}
@article{venter2001sequence,
  title={The sequence of the human genome},
  author={Venter, J Craig and Adams, Mark D and Myers, Eugene W and Li, Peter W and Mural, Richard J and Sutton, Granger G and Smith, Hamilton O and Yandell, Mark and Evans, Cheryl A and Holt, Robert A and others},
  journal={science},
  volume={291},
  number={5507},
  pages={1304--1351},
  year={2001},
  publisher={American Association for the Advancement of Science}
}
@article{van2015forensic,
  title={Forensic nomenclature for short tandem repeats updated for sequencing},
  author={van der Gaag, Kristiaan J and de Knijff, Peter},
  journal={Forensic Science International: Genetics Supplement Series},
  volume={5},
  pages={e542--e544},
  year={2015},
  publisher={Elsevier}
}
@article{minaguchi2000structural,
  title={Structural variations of the VWA locus in humans and comparison with non-human primates},
  author={Minaguchi, Kiyoshi and Takenaka, Osamu},
  journal={Forensic science international},
  volume={113},
  number={1-3},
  pages={9--16},
  year={2000},
  publisher={Elsevier}
}
@article{cp1992further,
  title={A further tetranucleotide repeat polymorphism in the vWF gene},
  author={CP, KIMPTON},
  journal={Hum Mol Genet},
  volume={1},
  pages={287},
  year={1992}
}
@article{harris2017unbiased,
  title={An unbiased estimator of gene diversity with improved variance for samples containing related and inbred individuals of any ploidy},
  author={Harris, Alexandre M and DeGiorgio, Michael},
  journal={G3: Genes, Genomes, Genetics},
  volume={7},
  number={2},
  pages={671--691},
  year={2017},
  publisher={Oxford University Press}
}
@article{serrote2020determining,
  title={Determining the polymorphism information content of a molecular marker},
  author={Serrote, Caetano Miguel Lemos and Reiniger, Lia Rejane Silveira and Silva, Karol Buuron and dos Santos Rabaiolli, Silvia Machado and Stefanel, Charlene Moro},
  journal={Gene},
  volume={726},
  pages={144175},
  year={2020},
  publisher={Elsevier}
}
@article{botstein1980construction,
  title={Construction of a genetic linkage map in man using restriction fragment length polymorphisms.},
  author={Botstein, David and White, Raymond L and Skolnick, Mark and Davis, Ronald W},
  journal={American journal of human genetics},
  volume={32},
  number={3},
  pages={314},
  year={1980},
  publisher={Elsevier}
}
@article{bhinder2018se33,
  title={SE33 locus as a reliable genetic marker for forensic DNA analysis systems},
  author={Bhinder, Dr Munir Ahmad and Zahoor, Muhammad Yasir and Sadia, Haleema and Qasim, Muhammad and Perveen, Rukhsana and Anjum, Ghulam Murtaza and Iqbal, Muhammad and Ullah, Najeeb and Shehzad, Waseem and Tariq, Muhammad and others},
  journal={Turkish Journal of Medical Sciences},
  volume={48},
  number={3},
  pages={611--614},
  year={2018}
}
@article{manela2023dna,
  title={DNA Polymorphism of 13 Autosomal Short Tandem Repeats (STR) Loci in Mentawai Populations.},
  author={Manela, Citra and Susanti, Rika and Tjong, Djong Hon and Yudianto, Ahmad},
  journal={Pakistan Journal of Biological Sciences: PJBS},
  volume={26},
  number={3},
  pages={101--107},
  year={2023}
}
@article{foroughmand2014genetic,
  title={Genetic analysis of two STR loci (VWA and TPOX) in the Iranian province of Khuzestan},
  author={Foroughmand, Ali Mohammad and Jari, Maryam and Kazeminezhad, Seyed Reza and Abdollahi, Arezu and Ahmadi, Leila and Heidari, Maryam},
  journal={Iranian Journal of Basic Medical Sciences},
  volume={17},
  number={8},
  pages={583},
  year={2014},
  publisher={Mashhad University of Medical Sciences}
}
@article{aguiar2011updated,
  title={Updated Brazilian STR allele frequency data using over 100,000 individuals: an analysis of CSF1PO, D3S1358, D5S818, D7S820, D8S1179, D13S317, D16S539, D18S51, D21S11, FGA, Penta D, Penta E, TH01, TPOX and vWA loci.},
  author={Aguiar, VR and Malta, FS and Bosque, AG and Almeida, VC and Pardini, VC and Ferreira, AC and Louro, ID and others},
  journal={Forensic Science international. Genetics},
  volume={6},
  number={4},
  pages={504--509},
  year={2011}
}
@article{yunis2005population,
  title={Population frequencies for CSF1PO, TPOX, TH01, F13A01, FES/FPS and VWA in seven Amerindian populations from Colombia},
  author={Yunis, Juan J and Yunis, Emilio J and Garcia, Oscar},
  journal={Journal of forensic sciences},
  volume={50},
  number={3},
  pages={JFS2004437},
  year={2005},
  publisher={ASTM International}
}
@article{liu2005powermarker,
  title={PowerMarker: an integrated analysis environment for genetic marker analysis},
  author={Liu, Kejun and Muse, Spencer V},
  journal={Bioinformatics},
  volume={21},
  number={9},
  pages={2128--2129},
  year={2005},
  publisher={Oxford University Press}
}
