@misc{chaudhary2019mutagenesis,
  title={Mutagenesis approaches and their role in crop improvement},
  author={Chaudhary, Juhi and Deshmukh, Rupesh and Sonah, Humira},
  journal={Plants},
  volume={8},
  number={11},
  pages={467},
  year={2019},
  publisher={MDPI}
}
@article{brusick1980evaluation,
  title={An evaluation of the Escherichia coli WP2 and WP2uvrA reverse mutation assay},
  author={Brusick, David J and Simmon, Vincent F and Rosenkranz, Herbert S and Ray, Verne A and Stafford, Robert S},
  journal={Mutation Research/Reviews in Genetic Toxicology},
  volume={76},
  number={2},
  pages={169--190},
  year={1980},
  publisher={Elsevier}
}
@article{ohta2002characterization,
  title={Characterization of Trp+ reversions in Escherichia coli strain WP2 uvrA},
  author={Ohta, Toshihiro and Tokishita, Shin-ichi and Tsunoi, Rumi and Ohmae, Satoru and Yamagata, Hideo},
  journal={Mutagenesis},
  volume={17},
  number={4},
  pages={313--316},
  year={2002},
  publisher={Oxford University Press}
}
@article{vijay2018microbial,
  title={Microbial mutagenicity assay: Ames test},
  author={Vijay, Urvashi and Gupta, Sonal and Mathur, Priyanka and Suravajhala, Prashanth and Bhatnagar, Pradeep},
  journal={Bio-protocol},
  volume={8},
  number={6},
  pages={e2763--e2763},
  year={2018}
}
@article{grzesiuk1998role,
  title={The role of mutation frequency decline and SOS repair systems in methyl methanesulfonate mutagenesis.},
  author={Grzesiuk, El{\.z}bieta},
  journal={Acta Biochimica Polonica},
  volume={45},
  number={2},
  pages={523--533},
  year={1998}
}
@article{green1976mutagen,
  title={Mutagen testing using TRP+ reversion in Escherichia coli},
  author={Green, MHL and Muriel, WJ},
  journal={Mutation Research/Environmental Mutagenesis and Related Subjects},
  volume={38},
  number={1},
  pages={3--32},
  year={1976},
  publisher={Elsevier}
}
@article{ikehata2011mechanisms,
  title={The mechanisms of UV mutagenesis},
  author={Ikehata, Hironobu and Ono, Tetsuya},
  journal={Journal of radiation research},
  volume={52},
  number={2},
  pages={115--125},
  year={2011},
  publisher={OUP}
}
@article{krishna2007uv,
  title={UV-induced mutagenesis in Escherichia coli SOS response: a quantitative model},
  author={Krishna, Sandeep and Maslov, Sergei and Sneppen, Kim},
  journal={PLoS computational biology},
  volume={3},
  number={3},
  pages={e41},
  year={2007},
  publisher={Public Library of Science San Francisco, USA}
}
@article{grzesiuk1994frequency,
  title={The frequency of MMS-induced, umuDC-dependent, mutations declines during starvation in Escherichia coli},
  author={Grzesiuk, Elzbieta and Janion, Celina},
  journal={Molecular and General Genetics MGG},
  volume={245},
  pages={486--492},
  year={1994},
  publisher={Springer}
}
@article{sobol2002mutations,
  title={Mutations associated with base excision repair deficiency and methylation-induced genotoxic stress},
  author={Sobol, Robert W and Watson, David E and Nakamura, Jun and Yakes, F Michael and Hou, Esther and Horton, Julie K and Ladapo, Joseph and Van Houten, Bennett and Swenberg, James A and Tindall, Kenneth R and others},
  journal={Proceedings of the National Academy of Sciences},
  volume={99},
  number={10},
  pages={6860--6865},
  year={2002},
  publisher={National Acad Sciences}
}
@article{brash1982uv,
  title={UV-induced mutation hotspots occur at DNA damage hotspots},
  author={Brash, Douglas E and Haseltine, William A},
  journal={Nature},
  volume={298},
  number={5870},
  pages={189--192},
  year={1982},
  publisher={Nature Publishing Group UK London}
}
@article{ikehata2011mechanisms,
  title={The mechanisms of UV mutagenesis},
  author={Ikehata, Hironobu and Ono, Tetsuya},
  journal={Journal of radiation research},
  volume={52},
  number={2},
  pages={115--125},
  year={2011},
  publisher={OUP}
}
