@article{corrigan2013fate,
  title={The fate of linear DNA in Saccharomyces cerevisiae and Candida glabrata: the role of homologous and non-homologous end joining},
  author={Corrigan, Mary W and Kerwin-Iosue, Christine L and Kuczmarski, Alexander S and Amin, Kunj B and Wykoff, Dennis D},
  journal={PLoS One},
  volume={8},
  number={7},
  pages={e69628},
  year={2013},
  publisher={Public Library of Science San Francisco, USA}
}
@article{dittmer2011lamin,
  title={The lamin protein family},
  author={Dittmer, Travis A and Misteli, Tom},
  journal={Genome biology},
  volume={12},
  pages={1--14},
  year={2011},
  publisher={Springer}
}
@article{d1996selection,
  title={Selection of multiple disruption events in Aspergillus fumigatus using the orotidine-5â€²-decarboxylase gene, pyrG, as a unique transformation marker},
  author={d'Enfert, Christophe},
  journal={Current genetics},
  volume={30},
  pages={76--82},
  year={1996},
  publisher={Springer}
}
@article{hardy2010reverse,
  title={Reverse genetics in eukaryotes},
  author={Hardy, Serge and Legagneux, Vincent and Audic, Yann and Paillard, Luc},
  journal={Biology of the Cell},
  volume={102},
  number={10},
  pages={561--580},
  year={2010},
  publisher={Wiley Online Library}
}
@article{li2019pathways,
  title={Pathways and assays for DNA double-strand break repair by homologous recombination},
  author={Li, Jinbao and Sun, Huize and Huang, Yulin and Wang, Yali and Liu, Yuyan and Chen, Xuefeng},
  journal={Acta biochimica et biophysica Sinica},
  volume={51},
  number={9},
  pages={879--889},
  year={2019},
  publisher={Oxford University Press}
}
@article{son2023regulators,
  title={Regulators of the asexual life cycle of Aspergillus nidulans},
  author={Son, Ye-Eun and Yu, Jae-Hyuk and Park, Hee-Soo},
  journal={Cells},
  volume={12},
  number={11},
  pages={1544},
  year={2023},
  publisher={MDPI}
}
@article{xiaoli2015efficient,
  title={An efficient genetic knockout system based on linear DNA fragment homologous recombination for halophilic archaea},
  author={Xiaoli, W and Chuang, J and Jianhua, L and Xipeng, L},
  journal={Yi Chuan= Hereditas},
  volume={37},
  number={4},
  pages={388--395},
  year={2015}
}
@article{wassano2020aspergillus,
  title={Aspergillus fumigatus},
  author={Wassano, Nat{\'a}lia S and Goldman, Gustavo H and Damasio, Andr{\'e}},
  journal={Trends in microbiology},
  volume={28},
  number={7},
  pages={594--595},
  year={2020},
  publisher={Elsevier}
}
@article{ye2012primer,
  title={Primer-BLAST: a tool to design target-specific primers for polymerase chain reaction},
  author={Ye, Jian and Coulouris, George and Zaretskaya, Irena and Cutcutache, Ioana and Rozen, Steve and Madden, Thomas L},
  journal={BMC bioinformatics},
  volume={13},
  pages={1--11},
  year={2012},
  publisher={Springer}
}
@article{wortman20092008,
  title={The 2008 update of the Aspergillus nidulans genome annotation: a community effort},
  author={Wortman, Jennifer Russo and Gilsenan, Jane Mabey and Joardar, Vinita and Deegan, Jennifer and Clutterbuck, John and Andersen, Mikael R and Archer, David and Bencina, Mojca and Braus, Gerhard and Coutinho, Pedro and others},
  journal={Fungal Genetics and Biology},
  volume={46},
  number={1},
  pages={S2--S13},
  year={2009},
  publisher={Elsevier}
}
@incollection{yee2022investigating,
  title={Investigating fungal biosynthetic pathways using heterologous gene expression: Aspergillus nidulans as a heterologous host},
  author={Yee, Danielle A and Tang, Yi},
  booktitle={Engineering Natural Product Biosynthesis: Methods and Protocols},
  pages={41--52},
  year={2022},
  publisher={Springer}
}
@article{nayak2006versatile,
  title={A versatile and efficient gene-targeting system for Aspergillus nidulans},
  author={Nayak, Tania and Szewczyk, Edyta and Oakley, C Elizabeth and Osmani, Aysha and Ukil, Leena and Murray, Sandra L and Hynes, Michael J and Osmani, Stephen A and Oakley, Berl R},
  journal={Genetics},
  volume={172},
  number={3},
  pages={1557--1566},
  year={2006},
  publisher={Oxford University Press}
}
@article{ferrer2005crystal,
  title={Crystal structures of alfalfa caffeoyl coenzyme A 3-O-methyltransferase},
  author={Ferrer, Jean-Luc and Zubieta, Chloe and Dixon, Richard A and Noel, Joseph P},
  journal={Plant physiology},
  volume={137},
  number={3},
  pages={1009--1017},
  year={2005},
  publisher={American Society of Plant Biologists}
}
@article{vidgren1994crystal,
  title={Crystal structure of catechol O-methyltransferase},
  author={Vidgren, Jukka and Svensson, L Anders and Liljas, Anders},
  journal={Nature},
  volume={368},
  number={6469},
  pages={354--358},
  year={1994},
  publisher={Nature Publishing Group UK London}
}
@article{jumper2021highly,
  title={Highly accurate protein structure prediction with AlphaFold},
  author={Jumper, John and Evans, Richard and Pritzel, Alexander and Green, Tim and Figurnov, Michael and Ronneberger, Olaf and Tunyasuvunakool, Kathryn and Bates, Russ and {\v{Z}}{\'\i}dek, Augustin and Potapenko, Anna and others},
  journal={Nature},
  volume={596},
  number={7873},
  pages={583--589},
  year={2021},
  publisher={Nature Publishing Group}
}
@article{varadi2022alphafold,
  title={AlphaFold Protein Structure Database: massively expanding the structural coverage of protein-sequence space with high-accuracy models},
  author={Varadi, Mihaly and Anyango, Stephen and Deshpande, Mandar and Nair, Sreenath and Natassia, Cindy and Yordanova, Galabina and Yuan, David and Stroe, Oana and Wood, Gemma and Laydon, Agata and others},
  journal={Nucleic acids research},
  volume={50},
  number={D1},
  pages={D439--D444},
  year={2022},
  publisher={Oxford University Press}
}
@article{paysan2023interpro,
  title={InterPro in 2022},
  author={Paysan-Lafosse, Typhaine and Blum, Matthias and Chuguransky, Sara and Grego, Tiago and Pinto, Beatriz L{\'a}zaro and Salazar, Gustavo A and Bileschi, Maxwell L and Bork, Peer and Bridge, Alan and Colwell, Lucy and others},
  journal={Nucleic acids research},
  volume={51},
  number={D1},
  pages={D418--D427},
  year={2023},
  publisher={Oxford University Press}
}
@article{singh2000effect,
  title={The effect of hairpin structure on PCR amplification efficiency},
  author={Singh, Vinay K and Govindarajan, R and Naik, Sita and Kumar, Anil},
  journal={Mol Biol Today},
  volume={1},
  number={3},
  pages={67--9},
  year={2000},
  publisher={Citeseer}
}
@article{david2008analysis,
  title={Analysis of Aspergillus nidulans metabolism at the genome-scale},
  author={David, Helga and {\"O}z{\c{c}}elik, {\.I}lknur {\c{S}} and Hofmann, Gerald and Nielsen, Jens},
  journal={BMC genomics},
  volume={9},
  pages={1--15},
  year={2008},
  publisher={Springer}
}
@article{albright2015large,
  title={Large-scale metabolomics reveals a complex response of Aspergillus nidulans to epigenetic perturbation},
  author={Albright, Jessica C and Henke, Matthew T and Soukup, Alexandra A and McClure, Ryan A and Thomson, Regan J and Keller, Nancy P and Kelleher, Neil L},
  journal={ACS chemical biology},
  volume={10},
  number={6},
  pages={1535--1541},
  year={2015},
  publisher={ACS Publications}
}
@article{dohn2018new,
  title={New multi-marker strains and complementing genes for Aspergillus nidulans molecular biology},
  author={Dohn Jr, James W and Grubbs, Alexander W and Oakley, C Elizabeth and Oakley, Berl R},
  journal={Fungal genetics and biology},
  volume={111},
  pages={1--6},
  year={2018},
  publisher={Elsevier}
}
@article{osmani1999extremely,
  title={The extremely conserved pyroA gene ofAspergillus nidulans is required for pyridoxine synthesis and is required indirectly for resistance to photosensitizers},
  author={Osmani, Aysha H and May, Gregory S and Osmani, Stephen A},
  journal={Journal of Biological Chemistry},
  volume={274},
  number={33},
  pages={23565--23569},
  year={1999},
  publisher={ASBMB}
}
@article{richard2011plp,
  title={The PLP cofactor: lessons from studies on model reactions},
  author={Richard, John P and Amyes, Tina L and Crugeiras, Juan and Rios, Ana},
  journal={Biochimica et Biophysica Acta (BBA)-Proteins and Proteomics},
  volume={1814},
  number={11},
  pages={1419--1425},
  year={2011},
  publisher={Elsevier}
}
