@article{liu2020recent,
  title={Recent advances on protein separation and purification methods},
  author={Liu, Shixiang and Li, Zhihua and Yu, Bing and Wang, Song and Shen, Youqing and Cong, Hailin},
  journal={Advances in Colloid and Interface Science},
  volume={284},
  pages={102254},
  year={2020},
  publisher={Elsevier}
}
@article{rajesh2018cellulose,
  title={Cellulose-graft-polyethyleneamidoamine anion-exchange nanofiber membranes for simultaneous protein adsorption and virus filtration},
  author={Rajesh, Sahadevan and Crandall, Caitlin and Schneiderman, Steven and Menkhaus, Todd J},
  journal={ACS Applied Nano Materials},
  volume={1},
  number={7},
  pages={3321--3330},
  year={2018},
  publisher={ACS Publications}
}
@article{cai2017top,
  title={Top-down proteomics of large proteins up to 223 kDa enabled by serial size exclusion chromatography strategy},
  author={Cai, Wenxuan and Tucholski, Trisha and Chen, Bifan and Alpert, Andrew J and McIlwain, Sean and Kohmoto, Takushi and Jin, Song and Ge, Ying},
  journal={Analytical chemistry},
  volume={89},
  number={10},
  pages={5467--5475},
  year={2017},
  publisher={ACS Publications}
}
@article{katorcha2018analysis,
  title={Analysis of covalent modifications of Amyloidogenic proteins using two-dimensional electrophoresis: prion protein and its sialylation},
  author={Katorcha, Elizaveta and Baskakov, Ilia V},
  journal={Amyloid Proteins: Methods and Protocols},
  pages={241--255},
  year={2018},
  publisher={Springer}
}
@article{desire2023development,
  title={The development of microfluidic-based western blotting: Technical advances and future perspectives},
  author={Desire, Christopher T and Arrua, R Dario and Strudwick, Xanthe L and Kopecki, Zlatko and Cowin, Allison J and Hilder, Emily F},
  journal={Journal of Chromatography A},
  volume={1691},
  pages={463813},
  year={2023},
  publisher={Elsevier}
}
@article{burnette1981western,
  title={“Western blotting”: electrophoretic transfer of proteins from sodium dodecyl sulfate-polyacrylamide gels to unmodified nitrocellulose and radiographic detection with antibody and radioiodinated protein A},
  author={Burnette, W Neal},
  journal={Analytical biochemistry},
  volume={112},
  number={2},
  pages={195--203},
  year={1981},
  publisher={Elsevier}
}
@book{saraswathy2011concepts,
  title={Concepts and techniques in genomics and proteomics},
  author={Saraswathy, Nachimuthu and Ramalingam, Ponnusamy},
  year={2011},
  publisher={Elsevier}
}
