@article{estaki2014interplay,
  title={Interplay between intestinal alkaline phosphatase, diet, gut microbes and immunity},
  author={Estaki, Mehrbod and DeCoffe, Daniella and Gibson, Deanna L},
  journal={World Journal of Gastroenterology: WJG},
  volume={20},
  number={42},
  pages={15650},
  year={2014},
  publisher={Baishideng Publishing Group Inc}
}
@article{gao2022extraction,
  title={Extraction, purification, and in vitro biological activities of intestinal alkaline phosphatase from pig intestine mucous waste},
  author={Gao, Chenzhe and Hui, Mizhou and Dong, Na and Koko, Marwa Yagoub Farag},
  journal={Journal of Food Processing and Preservation},
  volume={46},
  number={11},
  pages={e17023},
  year={2022},
  publisher={Wiley Online Library}
}
@article{he2023modified,
  title={A modified Beer--Lambert--Bouguer law for nonrandom distributions and its application in gap probability calculations for heterogeneous canopies},
  author={He, Qing and Lyu, Daren},
  journal={Journal of Advances in Modeling Earth Systems},
  volume={15},
  number={11},
  pages={e2022MS003281},
  year={2023},
  publisher={Wiley Online Library}
}
@article{miquet2019laboratory,
  title={A laboratory work to introduce biochemistry undergraduate students to basic enzyme kinetics-alkaline phosphatase as a model},
  author={Miquet, Johanna G and Gonz{\'a}lez, Lorena and Sotelo, Ana I and Gonz{\'a}lez Lebrero, Rodolfo M},
  journal={Biochemistry and Molecular Biology Education},
  volume={47},
  number={1},
  pages={93--99},
  year={2019},
  publisher={Wiley Online Library}
}
@article{nguyen2017biochemical,
  title={Biochemical, biophysical, and thermal properties of alkaline phosphatase from thermophile Thermus sp. NTU-237},
  author={Nguyen, Hoang Chinh and Wu, Szu-Pei and Su, Chia-Hung and Hwang, Tzann-Shun},
  journal={BASE},
  year={2017}
}
@article{lloyd2021steady,
  title={Steady-state enzyme kinetics},
  author={Lloyd, Matthew D},
  journal={The Biochemist},
  volume={43},
  number={3},
  pages={40--45},
  year={2021},
  publisher={Portland Press Ltd.}
}
@article{lu2022fluorescent,
  title={Fluorescent assay of alkaline phosphatase activity via atom transfer radical polymerization},
  author={Lu, Jing and Li, Daoxiang and Ma, Lele and Miao, Mingsan and Liu, Yanju and Kong, Jinming},
  journal={Microchimica Acta},
  volume={189},
  number={3},
  pages={84},
  year={2022},
  publisher={Springer}
}
@article{c2000demonstration,
  title={Demonstration of the principles of enzyme-catalysed reactions using alkaline phosphatase},
  author={C. Price, Nicholas and Newman, Bethan L},
  journal={Biochemistry and Molecular Biology Education},
  volume={28},
  number={4},
  pages={207--210},
  year={2000},
  publisher={Wiley Online Library}
}
@article{prinz2011enzyme,
  title={Enzyme Kinetics},
  author={Prinz, Heino and Prinz, Heino},
  journal={Numerical Methods for the Life Scientist: Binding and Enzyme Kinetics Calculated with GNU Octave and MATLAB},
  pages={97--118},
  year={2011},
  publisher={Springer}
}
@book{punekar2018enzymes,
  title={Enzymes: catalysis, kinetics and mechanisms},
  author={Punekar, NS},
  year={2018},
  publisher={Springer}
}
@article{robinson2015enzymes,
  title={Enzymes: principles and biotechnological applications},
  author={Robinson, Peter K},
  journal={Essays in biochemistry},
  volume={59},
  pages={1},
  year={2015},
  publisher={Portland Press Ltd}
}
@article{tang2019assays,
  title={Assays for alkaline phosphatase activity: Progress and prospects},
  author={Tang, Zhenwei and Chen, Haotian and He, Hailun and Ma, Changbei},
  journal={TrAC Trends in Analytical Chemistry},
  volume={113},
  pages={32--43},
  year={2019},
  publisher={Elsevier}
}
@article{murphy1995mutations,
  title={Mutations at positions 153 and 328 inEscherichia coliAlkaline phosphatase provide insight towards the structure and function of mammalian and yeast alkaline phosphatases},
  author={Murphy, Jennifer E and Tibbitts, Thomas T and Kantrowitz, Evan R},
  journal={Journal of molecular biology},
  volume={253},
  number={4},
  pages={604--617},
  year={1995},
  publisher={Elsevier}
}
@article{bzura2018photometric,
  title={Photometric and fluorometric alkaline phosphatase assays using the simplest enzyme substrates},
  author={Bzura, Justyna and Fiedoruk-Pogrebniak, Marta and Koncki, Robert},
  journal={Talanta},
  volume={190},
  pages={193--198},
  year={2018},
  publisher={Elsevier}
}
@article{dede2002effect,
  title={Effect of short-term hypothermia on lipid peroxidation and antioxidant enzyme activity in rats},
  author={Dede, Semiha and Deger, Yeter and Meral, I},
  journal={Journal of Veterinary Medicine Series A},
  volume={49},
  number={6},
  pages={286--288},
  year={2002},
  publisher={Wiley Online Library}
}
